@article{trunctucker,
author = {Nick Vannieuwenhoven and Raf Vandebril and Karl Meerbergen},
title = {A New Truncation Strategy for the Higher-Order Singular Value Decomposition},
journal = {SIAM Journal on Scientific Computing},
volume = {34},
number = {2},
pages = {A1027-A1052},
year = {2012},
doi = {10.1137/110836067},

URL = { 
        https://doi.org/10.1137/110836067

},
eprint = { 
        https://doi.org/10.1137/110836067

}

}

@article{ttrain,
author = {I. V. Oseledets},
title = {Tensor-Train Decomposition},
journal = {SIAM Journal on Scientific Computing},
volume = {33},
number = {5},
pages = {2295-2317},
year = {2011},
doi = {10.1137/090752286},

URL = { 
        https://doi.org/10.1137/090752286
    
},
eprint = { 
        https://doi.org/10.1137/090752286
    
}

}


@article {lowranklit,
author = {Grasedyck, Lars and Kressner, Daniel and Tobler, Christine},
title = {A literature survey of low-rank tensor approximation techniques},
journal = {GAMM-Mitteilungen},
volume = {36},
number = {1},
publisher = {WILEY-VCH Verlag},
issn = {1522-2608},
url = {http://dx.doi.org/10.1002/gamm.201310004},
doi = {10.1002/gamm.201310004},
pages = {53--78},
keywords = {tensor, low rank, multivariate functions, linear systems, eigenvalue problems},
year = {2013},
}






@article{koldaapp,
author = {Tamara G. Kolda and Brett W. Bader},
title = {Tensor Decompositions and Applications},
journal = {SIAM Review},
volume = {51},
number = {3},
pages = {455-500},
year = {2009},
doi = {10.1137/07070111X},

URL = { 
        https://doi.org/10.1137/07070111X
    
},
eprint = { 
        https://doi.org/10.1137/07070111X
    
}

}



@ARTICLE{koldapara,
   author = {{Austin}, W. and {Ballard}, G. and {Kolda}, T.~G.},
    title = "{Parallel Tensor Compression for Large-Scale Scientific Data}",
  journal = {ArXiv e-prints},
archivePrefix = "arXiv",
   eprint = {1510.06689},
 primaryClass = "cs.NA",
 keywords = {Computer Science - Numerical Analysis, Computer Science - Distributed, Parallel, and Cluster Computing},
     year = 2015,
    month = oct,
   adsurl = {http://adsabs.harvard.edu/abs/2015arXiv151006689A},
  adsnote = {Provided by the SAO/NASA Astrophysics Data System}
}


@article{ttree,
author = {I. V. Oseledets and E. E. Tyrtyshnikov},
title = {Breaking the Curse of Dimensionality, Or How to Use SVD in Many Dimensions},
journal = {SIAM Journal on Scientific Computing},
volume = {31},
number = {5},
pages = {3744-3759},
year = {2009},
doi = {10.1137/090748330},

URL = { 
        https://doi.org/10.1137/090748330
    
},
eprint = { 
        https://doi.org/10.1137/090748330
    
}

}


@article{thiera,
author = {Lars Grasedyck},
title = {Hierarchical Singular Value Decomposition of Tensors},
journal = {SIAM Journal on Matrix Analysis and Applications},
volume = {31},
number = {4},
pages = {2029-2054},
year = {2010},
doi = {10.1137/090764189},

URL = { 
        https://doi.org/10.1137/090764189
    
},
eprint = { 
        https://doi.org/10.1137/090764189
    
}

}


@Article{Tucker1966,
author="Tucker, Ledyard R.",
title="Some mathematical notes on three-mode factor analysis",
journal="Psychometrika",
year="1966",
month="Sep",
day="01",
volume="31",
number="3",
pages="279--311",
abstract="The model for three-mode factor analysis is discussed in terms of newer applications of mathematical processes including a type of matrix process termed the Kronecker product and the definition of combination variables. Three methods of analysis to a type of extension of principal components analysis are discussed. Methods II and III are applicable to analysis of data collected for a large sample of individuals. An extension of the model is described in which allowance is made for unique variance for each combination variable when the data are collected for a large sample of individuals.",
issn="1860-0980",
doi="10.1007/BF02289464",
url="https://doi.org/10.1007/BF02289464"
}







@article{,
author = {Lars Grasedyck},
title = {Hierarchical Singular Value Decomposition of Tensors},
journal = {SIAM Journal on Matrix Analysis and Applications},
volume = {31},
number = {4},
pages = {2029-2054},
year = {2010},
doi = {10.1137/090764189},

URL = { 
        https://doi.org/10.1137/090764189
    
},
eprint = { 
        https://doi.org/10.1137/090764189
    
}

}



@article{tucker2000,
 author = {Lathauwer, Lieven De and Moor, Bart De and Vandewalle, Joos},
 title = {A Multilinear Singular Value Decomposition},
 journal = {SIAM J. Matrix Anal. Appl.},
 issue_date = {March \&ndash; May 2000},
 volume = {21},
 number = {4},
 month = mar,
 year = {2000},
 issn = {0895-4798},
 pages = {1253--1278},
 numpages = {26},
 url = {http://dx.doi.org/10.1137/S0895479896305696},
 doi = {10.1137/S0895479896305696},
 acmid = {354398},
 publisher = {Society for Industrial and Applied Mathematics},
 address = {Philadelphia, PA, USA},
 keywords = {higher-order tensor, multilinear algebra, singular value decomposition},
}



@article{randAppro,
author = {N. Halko and P. G. Martinsson and J. A. Tropp},
title = {Finding Structure with Randomness: Probabilistic Algorithms for Constructing Approximate Matrix Decompositions},
journal = {SIAM Review},
volume = {53},
number = {2},
pages = {217-288},
year = {2011},
doi = {10.1137/090771806},

URL = { 
        https://doi.org/10.1137/090771806
    
},
eprint = { 
        https://doi.org/10.1137/090771806
    
}

}


@article{trand2007,
title = "A randomized algorithm for a tensor-based generalization of the singular value decomposition",
journal = "Linear Algebra and its Applications",
volume = "420",
number = "2",
pages = "553 - 571",
year = "2007",
note = "",
issn = "0024-3795",
doi = "http://dx.doi.org/10.1016/j.laa.2006.08.023",
url = "http://www.sciencedirect.com/science/article/pii/S0024379506003867",
author = "Petros Drineas and Michael W. Mahoney",
keywords = "Tensor decomposition",
keywords = "CUR decomposition",
keywords = "Randomized algorithms"
}


@article{trandMACH,
  author    = {Charalampos E. Tsourakakis},
  title     = {{MACH:} Fast Randomized Tensor Decompositions},
  journal   = {CoRR},
  volume    = {abs/0909.4969},
  year      = {2009},
  url       = {http://arxiv.org/abs/0909.4969},
  timestamp = {Wed, 07 Jun 2017 14:40:35 +0200},
  biburl    = {http://dblp.uni-trier.de/rec/bib/journals/corr/abs-0909-4969},
  bibsource = {dblp computer science bibliography, http://dblp.org}
}

@article{cpnpcomplete,
title = "Tensor rank is NP-complete",
journal = "Journal of Algorithms",
volume = "11",
number = "4",
pages = "644 - 654",
year = "1990",
note = "",
issn = "0196-6774",
doi = "http://dx.doi.org/10.1016/0196-6774(90)90014-6",
url = "http://www.sciencedirect.com/science/article/pii/0196677490900146",
author = "Johan HÃ¥stad",

}




@article{cpill,
author = {Vin de Silva and Lek-Heng Lim},
title = {Tensor Rank and the Ill-Posedness of the Best Low-Rank Approximation Problem},
journal = {SIAM Journal on Matrix Analysis and Applications},
volume = {30},
number = {3},
pages = {1084-1127},
year = {2008},
doi = {10.1137/06066518X},

URL = { 
        https://doi.org/10.1137/06066518X
    
},
eprint = { 
        https://doi.org/10.1137/06066518X
    
}

}

@inproceedings{cpnetmining,
 author = {Maruhashi, Koji and Guo, Fan and Faloutsos, Christos},
 title = {MultiAspectForensics: Pattern Mining on Large-Scale Heterogeneous Networks with Tensor Analysis},
 booktitle = {Proceedings of the 2011 International Conference on Advances in Social Networks Analysis and Mining},
 series = {ASONAM '11},
 year = {2011},
 isbn = {978-0-7695-4375-8},
 pages = {203--210},
 numpages = {8},
 url = {http://dx.doi.org/10.1109/ASONAM.2011.80},
 doi = {10.1109/ASONAM.2011.80},
 acmid = {2055665},
 publisher = {IEEE Computer Society},
 address = {Washington, DC, USA},
 keywords = {heterogeneous networks, pattern mining, tensor analysis},
}


@INPROCEEDINGS{tensorappmining1, 
author={T. G. Kolda and J. Sun}, 
booktitle={2008 Eighth IEEE International Conference on Data Mining}, 
title={Scalable Tensor Decompositions for Multi-aspect Data Mining}, 
year={2008}, 
pages={363-372}, 
keywords={Internet;data mining;matrix decomposition;social networking (online);sparse matrices;telecommunication traffic;tensors;Internet traffic;Memory-Efficient Tucker;Tucker decompositions;intermediate blowup problem;large-scale social networks;multiaspect data mining;scalable tensor decompositions;sparse tensors;telecommunication records;tensor decompositions;tensor factorization;Data mining;Hardware;IP networks;Laboratories;Large-scale systems;Portable computers;Social network services;Sun;Telecommunication traffic;Tensile stress;Data mining;Sparse data;Tensor Decomposition;Tucker Decomposition}, 
doi={10.1109/ICDM.2008.89}, 
ISSN={1550-4786}, 
month={Dec},}

@article{tensorapplearn1,
  author    = {Anima Anandkumar and
               Rong Ge and
               Daniel J. Hsu and
               Sham M. Kakade and
               Matus Telgarsky},
  title     = {Tensor decompositions for learning latent variable models},
  journal   = {CoRR},
  volume    = {abs/1210.7559},
  year      = {2012},
  url       = {http://arxiv.org/abs/1210.7559},
  timestamp = {Wed, 07 Jun 2017 14:43:04 +0200},
  biburl    = {http://dblp.uni-trier.de/rec/bib/journals/corr/abs-1210-7559},
  bibsource = {dblp computer science bibliography, http://dblp.org}
}



@inproceedings{tensorapprecom,
 author = {Karatzoglou, Alexandros and Amatriain, Xavier and Baltrunas, Linas and Oliver, Nuria},
 title = {Multiverse Recommendation: N-dimensional Tensor Factorization for Context-aware Collaborative Filtering},
 booktitle = {Proceedings of the Fourth ACM Conference on Recommender Systems},
 series = {RecSys '10},
 year = {2010},
 isbn = {978-1-60558-906-0},
 location = {Barcelona, Spain},
 pages = {79--86},
 numpages = {8},
 url = {http://doi.acm.org/10.1145/1864708.1864727},
 doi = {10.1145/1864708.1864727},
 acmid = {1864727},
 publisher = {ACM},
 address = {New York, NY, USA},
 keywords = {collaborative filtering, context, tensor factorization},
}



@inproceedings{tensorappvision,
 author = {Shashua, Amnon and Hazan, Tamir},
 title = {Non-negative Tensor Factorization with Applications to Statistics and Computer Vision},
 booktitle = {Proceedings of the 22Nd International Conference on Machine Learning},
 series = {ICML '05},
 year = {2005},
 isbn = {1-59593-180-5},
 location = {Bonn, Germany},
 pages = {792--799},
 numpages = {8},
 url = {http://doi.acm.org/10.1145/1102351.1102451},
 doi = {10.1145/1102351.1102451},
 acmid = {1102451},
 publisher = {ACM},
 address = {New York, NY, USA},
}



@inproceedings{tensorapplang,
 author = {Cohen, Shay B. and Collins, Michael},
 title = {Tensor Decomposition for Fast Parsing with Latent-variable PCFGs},
 booktitle = {Proceedings of the 25th International Conference on Neural Information Processing Systems},
 series = {NIPS'12},
 year = {2012},
 location = {Lake Tahoe, Nevada},
 pages = {2519--2527},
 numpages = {9},
 url = {http://dl.acm.org/citation.cfm?id=2999325.2999416},
 acmid = {2999416},
 publisher = {Curran Associates Inc.},
 address = {USA},
}




@article{ttrainsolve,
author = {I. V. Oseledets and S. V. Dolgov},
title = {Solution of Linear Systems and Matrix Inversion in the TT-Format},
journal = {SIAM Journal on Scientific Computing},
volume = {34},
number = {5},
pages = {A2718-A2739},
year = {2012},
doi = {10.1137/110833142},

URL = { 
        https://doi.org/10.1137/110833142
    
},
eprint = { 
        https://doi.org/10.1137/110833142
    
}

}



@article{qrcp,
author = {Ming Gu and Stanley C. Eisenstat},
title = {Efficient Algorithms for Computing a Strong Rank-Revealing QR Factorization},
journal = {SIAM Journal on Scientific Computing},
volume = {17},
number = {4},
pages = {848-869},
year = {1996},
doi = {10.1137/0917055},

URL = { 
        https://doi.org/10.1137/0917055
    
},
eprint = { 
        https://doi.org/10.1137/0917055
    
}

}


@techreport{lucrtp,
  TITLE = {{Low rank approximation of a sparse matrix based on LU factorization with column and row tournament pivoting}},
  AUTHOR = {Grigori, Laura and Cayrols, Sebastien and Demmel, James W.},
  URL = {https://hal.inria.fr/hal-01313856},
  TYPE = {Research Report},
  NUMBER = {RR-8910},
  PAGES = {35},
  INSTITUTION = {{inria}},
  YEAR = {2016},
  MONTH = Mar,
  KEYWORDS = {Rank revealing ; LU and QR factorizations ; column pivoting ; minimize communication ; calcul de rang ; factorisations LU et QR ; pivotage par colonnes ; minimiser les communications},
  PDF = {https://hal.inria.fr/hal-01313856/file/paper.pdf},
  HAL_ID = {hal-01313856},
  HAL_VERSION = {v1},
}



@inproceedings{cpgigatensor,
 author = {Kang, U. and Papalexakis, Evangelos and Harpale, Abhay and Faloutsos, Christos},
 title = {GigaTensor: Scaling Tensor Analysis Up by 100 Times - Algorithms and Discoveries},
 booktitle = {Proceedings of the 18th ACM SIGKDD International Conference on Knowledge Discovery and Data Mining},
 series = {KDD '12},
 year = {2012},
 isbn = {978-1-4503-1462-6},
 location = {Beijing, China},
 pages = {316--324},
 numpages = {9},
 url = {http://doi.acm.org/10.1145/2339530.2339583},
 doi = {10.1145/2339530.2339583},
 acmid = {2339583},
 publisher = {ACM},
 address = {New York, NY, USA},
 keywords = {big data, distributed computing, hadoop, mapreduce, tensor},
}




@article{carrqr,
  title={Communication avoiding rank revealing QR factorization with column pivoting},
  author={Demmel, James W and Grigori, Laura and Gu, Ming and Xiang, Hua},
  journal={SIAM Journal on Matrix Analysis and Applications},
  volume={36},
  number={1},
  pages={55--89},
  year={2015},
  publisher={SIAM}
}

@misc{koldatoolbox,
  author = {Brett W. Bader and Tamara G. Kolda and others},
  title = {MATLAB Tensor Toolbox Version 2.6},
  howpublished = {Available online},
  month = {February},
  year = {2015},
  url = {http://www.sandia.gov/~tgkolda/TensorToolbox/}
}


